@misc{iep-care-ethics,
  author       = {Maureen Sander-Staudt},
  title        = {Care Ethics},
  howpublished = {Internet Encyclopedia of Philosophy},
  year         = {2016},
  note         = {Maureen Sander-Staudt. \url{https://iep.utm.edu/care-ethics/} (accessed September 13, 2025)},
}

@misc{uvh-care-ethics,
  author       = {University of Humanistic Studies},
  title        = {Care Ethics},
  howpublished = {University of Humanistic Studies},
  year         = {n.d.},
  note         = {“Care Ethics, About us / Organisation” page. \url{https://www.uvh.nl/en/about-us/organisation/care-ethics/} (accessed September 13, 2025)},
}

@misc{gotquestions-pragmatic-ethics,
  author       = {GotQuestions.org},
  title        = {What is pragmatic ethics?},
  howpublished = {GotQuestions.org},
  year         = {2022},
  note         = {Last updated January 4, 2022. \url{https://www.gotquestions.org/pragmatic-ethics.html} (accessed September 13, 2025)},
}

@article{sep-pragmatism,
  author       = {Cornel West and others},  % if SEP gives a different author, replace accordingly
  title        = {Pragmatism},
  journal      = {Stanford Encyclopedia of Philosophy},
  note         = {First published August 16, 2008; substantive revision September 30, 2024},
  howpublished = {\url{https://plato.stanford.edu/entries/pragmatism/}},
  year         = {2024},
  accessed     = {2025-09-13}
}
